<?xml version="1.0" encoding="utf-8"?>
<record xmlns="http://www.loc.gov/MARC21/slim" xmlns:xsi="http://www.w3.org/2001/XMLSchema-instance" xsi:schemaLocation="http://www.loc.gov/MARC21/slim http://www.loc.gov/standards/marcxml/schema/MARC21slim.xsd">
	<leader>     nam a22        4500</leader>
	<controlfield tag="001">001974862</controlfield>
	<controlfield tag="003">NNU</controlfield>
	<controlfield tag="006">m        d        </controlfield>
	<controlfield tag="007">cr cn |||m|||a</controlfield>
	<controlfield tag="008">150603s1977    ir      o     001 0 ara d</controlfield>
	<datafield ind1=" " ind2=" " tag="040">
		<subfield code="a">NNU</subfield>
		<subfield code="b">eng</subfield>
		<subfield code="c">NNU</subfield>
	</datafield>
	<datafield ind1="0" ind2=" " tag="041">
		<subfield code="a">ara</subfield>
		<subfield code="a">per</subfield>
		<subfield code="a">eng</subfield>
	</datafield>
	<datafield ind1="1" ind2=" " tag="100">
		<subfield code="a">Abū Ḥātim al-Rāzī, Aḥmad ibn Ḥamdān,</subfield>
		<subfield code="d">d. 934?</subfield>
	</datafield>
	<datafield ind1="1" ind2="0" tag="245">
		<subfield code="a">Aʻlām al-nubūwah</subfield>
		<subfield code="h">[electronic resource] /</subfield>
		<subfield code="c">Abū Ḥātim al-Rāzī ; taḥqīq va taṣḥīḥ va muqaddamah, Ṣalāḥ al-Ṣāvī, Ghulām Riz̤ā Aʻvānī ; muqaddamah-ʼi Ingilīsī, Ḥusayn Naṣr.</subfield>
	</datafield>
	<datafield ind1=" " ind2=" " tag="260">
		<subfield code="a">Tehran :</subfield>
		<subfield code="b">Anjuman-i Shāhanshāhī-i Falsafah-ʼi Īrān,</subfield>
		<subfield code="c">1977.</subfield>
	</datafield>
	<datafield ind1=" " ind2=" " tag="300">
		<subfield code="a">online resource (30, 2, 353 p.)</subfield>
	</datafield>
	<datafield ind1="1" ind2=" " tag="490">
		<subfield code="a">Majmūʻah-ʼi ās̲ār-i marbūṭ bih tafakkur-i Ismāʻīlī ;</subfield>
		<subfield code="v">1</subfield>
	</datafield>
	<datafield ind1="1" ind2=" " tag="490">
		<subfield code="a">Intishārāt-i Anjuman-i Shāhanshāhī-i Falsafah-ʼi Īrān ; shumārah-ʼi 33</subfield>
	</datafield>
	<datafield ind1=" " ind2=" " tag="500">
		<subfield code="a">Title on added t.p.: Aʻlām al-nubuwwah = The peaks of prophecy.</subfield>
	</datafield>
	<datafield ind1=" " ind2=" " tag="500">
		<subfield code="a">Includes indexes.</subfield>
	</datafield>
	<datafield ind1=" " ind2=" " tag="500">
		<subfield code="a">Part of the Arabic Collections Online (ACO) project, contributed by New York Univeristy Libraries.</subfield>
	</datafield>
	<datafield ind1=" " ind2=" " tag="533">
		<subfield code="a">Electronic reproduction.</subfield>
		<subfield code="b">New York, N.Y. :</subfield>
		<subfield code="c">New York University,</subfield>
		<subfield code="d">2015.</subfield>
		<subfield code="5">NNU</subfield>
	</datafield>
	<datafield ind1="0" ind2="0" tag="600">
		<subfield code="a">Muḥammad,</subfield>
		<subfield code="c">Prophet,</subfield>
		<subfield code="d">d. 632</subfield>
		<subfield code="x">Prophetic office</subfield>
		<subfield code="v">Early works to 1800.</subfield>
	</datafield>
	<datafield ind1="1" ind2=" " tag="700">
		<subfield code="a">Nasr, Seyyed Hossein.</subfield>
	</datafield>
	<datafield ind1="1" ind2=" " tag="700">
		<subfield code="a">Aʻvānī, Ghulām Riz̤ā.</subfield>
	</datafield>
	<datafield ind1="1" ind2=" " tag="700">
		<subfield code="a">Ṣāwī, Ṣalāḥ.</subfield>
	</datafield>
	<datafield ind1="2" ind2=" " tag="710">
		<subfield code="a">New York University.</subfield>
		<subfield code="b">Libraries.</subfield>
	</datafield>
	<datafield ind1="0" ind2=" " tag="730">
		<subfield code="a">Arabic Collections Online.</subfield>
	</datafield>
	<datafield ind1="0" ind2=" " tag="740">
		<subfield code="a">Peaks of prophecy.</subfield>
	</datafield>
	<datafield ind1="0" ind2=" " tag="740">
		<subfield code="a">Aʻlām al-nubuwwah.</subfield>
	</datafield>
	<datafield ind1="0" ind2="8" tag="776">
		<subfield code="i">Print version:</subfield>
		<subfield code="a">Abū Ḥātim al-Rāzī, Aḥmad ibn Ḥamdān, d. 934?</subfield>
		<subfield code="t">Aʻlām al-nubūwah</subfield>
		<subfield code="w">(NNU)001974862</subfield>
	</datafield>
	<datafield ind1=" " ind2="0" tag="830">
		<subfield code="a">Majmūʻah-ʼi ās̲ār-i marbūṭ bih tafakkur-i Ismāʻīlī ;</subfield>
		<subfield code="v">1.</subfield>
	</datafield>
	<datafield ind1=" " ind2="0" tag="830">
		<subfield code="a">Intishārāt-i Anjuman-i Shāhanshāhī-i Falsafah-ʼi Īrān ;</subfield>
		<subfield code="v">shumārah-ʼi 33.</subfield>
	</datafield>
	<datafield ind1="4" ind2="0" tag="856">
		<subfield code="u">http://hdl.handle.net/2333.1/w3r22bjx</subfield>
	</datafield>
	<datafield ind1=" " ind2=" " tag="959">
		<subfield code="a">NNU</subfield>
		<subfield code="b">WEB</subfield>
		<subfield code="c">GENI</subfield>
		<subfield code="t">0</subfield>
		<subfield code="m">Electronic access</subfield>
		<subfield code="s">01</subfield>
	</datafield>
	<datafield ind1=" " ind2=" " tag="999">
		<subfield code="i">NNU_001974862</subfield>
		<subfield code="s">nyu_aco000721</subfield>
		<subfield code="e">(ERROR-880)</subfield>
	</datafield>
</record>
